%% This BibTeX bibliography file was created using BibDesk.
%% http://bibdesk.sourceforge.net/

%% Created for David Diez at 2018-07-03 21:00:56 -0700 


%% Saved with string encoding Unicode (UTF-8) 



@article{McDowan:2003,
	Author = {McGowan, J.},
	Journal = {Thorax},
	Title = {{Health Education: Does the Buteyko Institute Method make a difference?}},
	Volume = {58},
	Year = {2003}}

@article{Allais:2011,
	Author = {Allais, G. and Romoli, M. and Rolando, S. and Airola, G. and Castagnoli Gabellari, I. and Allais, R. and Benedetto, C.},
	Journal = {Neurological Sci.},
	Number = {1},
	Pages = {173--175},
	Publisher = {Springer},
	Title = {\oiRedirect{textbook-acupuncture_migraine_2011}{Ear acupuncture in the treatment of migraine attacks: a randomized trial on the efficacy of appropriate versus inappropriate acupoints}},
	Volume = {32},
	Year = {2011}}

@article{Garbutt:2012,
	Author = {Garbutt, J.M. and Banister, C. and Spitznagel, E. and Piccirillo, J.F.},
	Journal = {JAMA: The Journal of the American Medical Association},
	Number = {7},
	Pages = {685--692},
	Publisher = {American Medical Association},
	Title = {\oiRedirect{textbook-amoxicillin_acute_rhinosinusitis_2012}{Amoxicillin for Acute Rhinosinusitis: A Randomized Controlled Trial}},
	Volume = {307},
	Year = {2012}}

@article{Ritz+Yu+Chapa+Fruin:2000,
	Author = {Ritz, B. and Yu, F. and Chapa, G. and Fruin, S.},
	Journal = {Epidemiology},
	Number = {5},
	Pages = {502--511},
	Title = {\oiRedirect{textbook-air_pollution_preterm_birth_2000}{Effect of air pollution on preterm birth among children born in Southern California between 1989 and 1993}},
	Volume = {11},
	Year = {2000}}

@article{Bucciol:2011,
	Author = {Bucciol, Alessandro and Piovesan, Marco},
	Journal = {Journal of Economic Psychology},
	Number = {1},
	Pages = {73--78},
	Publisher = {Elsevier},
	Title = {\oiRedirect{textbook-luck-cheating}{Luck or cheating? A field experiment on honesty with children}},
	Volume = {32},
	Year = {2011}}

@article{Piff:2012,
	Author = {Piff, P.K. and Stancato, D.M. and C{\^o}t{\'e}, S. and Mendoza-Denton, R. and Keltner, D.},
	Journal = {Proceedings of the National Academy of Sciences},
	Publisher = {National Acad Sciences},
	Title = {Higher social class predicts increased unethical behavior},
	Year = {2012}}

@article{Fisher:1936,
	Author = {Fisher, R.A},
	Journal = {Annals of Eugenics},
	Pages = {179-188},
	Title = {\oiRedirect{textbook-taxonomy_multiple_measurements_1936}{The Use of Multiple Measurements in Taxonomic Problems}},
	Volume = {7},
	Year = {1936}}

@misc{irisPic,
	Note = {Photo by rtclauss on Flickr, \oiRedirect{textbook-iris_picture}{Iris}.}}

@misc{data:smoking,
	Note = {National STEM Centre, \oiRedirect{textbook-Stats4Schools_smoking}{Large Datasets from stats4schools}.}}

@misc{data:ciaFactbook,
	Note = {CIA Factbook, \oiRedirect{textbook-cia_factbook}{Country Comparisons, 2014}.}}

@misc{data:ITU:2012,
	Note = {ITU World Telecommunication/ICT Indicators database, \oiRedirect{textbook-telecommunication_ICT_2012}{World Telecommunication/ICT Indicators Database, 2012}}}

@article{Hepler:2013,
	Author = {Hepler, Justin and Albarrac{\'\i}n, Dolores},
	Journal = {Journal of personality and social psychology},
	Number = {6},
	Pages = {1060},
	Publisher = {American Psychological Association},
	Title = {\oiRedirect{textbook-dispositional-attitude}{Attitudes without objects - Evidence for a dispositional attitude, its measurement, and its consequences}},
	Volume = {104},
	Year = {2013}}

@article{news:smokingDementia,
	Author = {Rabin, R.C.},
	Journal = {New York Times},
	Month = {October 29},
	Title = {\oiRedirect{textbook-nytimes_smoking_dementia}{Risks: Smokers Found More Prone to Dementia}},
	Year = {2010}}

@article{news:bullySleep,
	Author = {Parker-Pope, T.},
	Journal = {New York Times},
	Month = {June 2},
	Title = {\oiRedirect{textbook-school_bully_sleepy_2011}{The School Bully Is Sleepy}},
	Year = {2011}}

@article{Orr:2009,
	Author = {Orr, E.S. and Sisic, M. and Ross, C. and Simmering, M.G. and Arseneault, J.M. and Orr, R.R.},
	Journal = {CyberPsychology \& Behavior},
	Number = {3},
	Pages = {337--340},
	Publisher = {Mary Ann Liebert, Inc.},
	Title = {\oiRedirect{textbook-shyness_FB_usage_2009}{The influence of shyness on the use of Facebook in an undergraduate sample}},
	Volume = {12},
	Year = {2009}}

@article{Audera:2001,
	Author = {Audera, C. and Patulny, R.V. and Sander, B.H. and Douglas, R.M. and others},
	Journal = {Medical Journal of Australia},
	Number = {7},
	Pages = {359--362},
	Publisher = {AUSTRALASIAN MEDICAL PUBLISHING COMPANY LTD},
	Title = {\oiRedirect{textbook-vitamin_C_cold_treatment_2001}{Mega-dose vitamin C in treatment of the common cold: a randomised controlled trial}},
	Volume = {175},
	Year = {2001}}

@article{Nieman:2009,
	Author = {Nieman, D.C. and Cayea, E.J. and Austin, M.D. and Henson, D.A. and McAnulty, S.R. and Jin, F.},
	Journal = {Nutrition Research},
	Number = {6},
	Pages = {414--418},
	Publisher = {Elsevier},
	Title = {\oiRedirect{textbook-chia_seeds_2009}{Chia seed does not promote weight loss or alter disease risk factors in overweight adults}},
	Volume = {29},
	Year = {2009}}

@article{Suldo:2014,
	Author = {Suldo, Shannon M and Savage, Jessica A and Mercer, Sterett H},
	Journal = {Journal of happiness studies},
	Number = {1},
	Pages = {19--42},
	Publisher = {Springer},
	Title = {\oiRedirect{textbook-middle-school-satisfaction}{Increasing middle school students' life satisfaction: Efficacy of a positive psychology group intervention}},
	Volume = {15},
	Year = {2014}}

@misc{data:acs:2012,
	Note = {United States Census Bureau. Summary File. {\oiRedirect{textbook-ACS_2012}{2012 American Community Survey}}. U.S. Census Bureau's American Community Survey Office, 2013. Web.}}

@misc{data:MLB:2014,
	Note = {\oiRedirect{textbook-mlb2014-espn}{ESPN: MLB Team Stats - 2014}}}

@article{Harris:2012,
	Author = {Harris, JL and Schwartz, MB and Brownell, KD and Sarda, V and Dembek, C and Munsell, C and Shin, C and Ustjanauskas, A and Weinberg, M},
	Journal = {Rudd Center for Food Policy \& Obesity.},
	Title = {\oiRedirect{textbook-cereal-facts-2012}{Cereal FACTS 2012: Limited progress in the nutrition quality and marketing of children's cereals}},
	Volume = {12},
	Year = {2012}}

@article{Allison+Cicchetti:1975,
	Author = {Allison, T. and Cicchetti, D.V.},
	Journal = {Arch. Hydrobiol},
	Pages = {442},
	Title = {\oiRedirect{textbook-mammal_sleep_1975}{Sleep in mammals: ecological and constitutional correlates}},
	Volume = {75},
	Year = {1975}}

@misc{data:ciaFactBookInfMort:2012,
	Note = {CIA Factbook, \oiRedirect{textbook-cia_infant_mortality_2012}{Country Comparison: Infant Mortality Rate, 2012}}}

@misc{data:durhamAQI:2011,
	Note = {US Environmental Protection Agency, \oiRedirect{textbook-airdata_2011}{AirData, 2011.}}}

@article{Backstrom:2011,
	Author = {Backstrom, Lars},
	Journal = {Facebook Data Team's Notes},
	Title = {\oiRedirect{textbook-anatomy-of-facebook}{Anatomy of Facebook}},
	Year = {2011}}

@misc{survey:immigFL:2012,
	Note = {SurveyUSA, \oiRedirect{textbook-SurveyUSA_18927}{News Poll \#18927}, data collected Jan 27-29, 2012}}

@misc{survey:raiseTaxes:2015,
	Note = {Public Policy Polling, \oiRedirect{textbook-PPP_30215}{Americans on College Degrees, Classic Literature, the Seasons, and More}, data collected Feb 20-22, 2015}}

@article{Graham:2010,
	Author = {Graham, D.J. and Ouellet-Hellstrom, R. and MaCurdy, T.E. and Ali, F. and Sholley, C. and Worrall, C. and Kelman, J.A.},
	Issn = {0098-7484},
	Journal = {JAMA},
	Number = {4},
	Pages = {411},
	Publisher = {Am Med Assoc},
	Title = {Risk of acute myocardial infarction, stroke, heart failure, and death in elderly Medicare patients treated with rosiglitazone or pioglitazone},
	Volume = {304},
	Year = {2010}}

@article{Turnbull+Brown+Hu:1974,
	Author = {Turnbull, B. and Brown, B. and Hu, M.},
	Journal = {Journal of the American Statistical Association},
	Pages = {74-80},
	Title = {\oiRedirect{textbook-heart_transplant_1974}{Survivorship of Heart Transplant Data}},
	Volume = {69},
	Year = {1974}}

@misc{data:BRFSS2010,
	Note = {Office of Surveillance, Epidemiology, and Laboratory Services Behavioral Risk Factor Surveillance System, {\oiRedirect{textbook-BRFSS_2010}{BRFSS 2010 Survey Data}}.}}

@misc{rouletteWheelPic,
	Note = {Photo by H\r{a}kan Dahlstr\"{o}m on Flickr, \oiRedirect{textbook-flickr_roulette_wheel}{Roulette wheel}.}}

@misc{indepSwing,
	Note = {Pew Research Center, \oiRedirect{textbook-obama_economy_pew_2012}{With Voters Focused on Economy, Obama Lead Narrows}, data collected between April 4-15, 2012.}}

@misc{poorLang,
	Note = {U.S. Census Bureau, 2010 American Community Survey 1-Year Estimates, \oiRedirect{textbook-acs_language_2010}{Characteristics of People by Language Spoken at Home}.}}

@misc{eduSex,
	Note = {U.S. Census Bureau, 2010 American Community Survey 1-Year Estimates, \oiRedirect{textbook-acs_educational_2010}{Educational Attainment}.}}

@article{Mizan:2011,
	Author = {Mizan, S.S. and Shendell, D.G. and Rhoads, G.G.},
	Journal = {Journal of Asthma},
	Number = {3},
	Pages = {228-234},
	Publisher = {Informa Healthcare},
	Title = {\oiRedirect{textbook-tardiness_asthma_2011}{Absence, Extended Absence, and Repeat Tardiness Related to Asthma Status among Elementary School Children}},
	Volume = {48},
	Year = {2011}}

@misc{globalWarming,
	Note = {Pew Research Center, \oiRedirect{textbook-republicans_global_warming_2010}{Majority of Republicans No Longer See Evidence of Global Warming}, data collected on October 27, 2010.}}

@misc{burgers,
	Note = {SurveyUSA, \oiRedirect{textbook-SurveyUSA_17718}{Results of SurveyUSA News Poll \#17718}, data collected on December 2, 2010.}}

@article{Laeng:2007,
	Author = {Laeng, B. and Mathisen, R. and Johnsen, J.A.},
	Journal = {Behavioral Ecology and Sociobiology},
	Number = {3},
	Pages = {371--384},
	Publisher = {Springer},
	Title = {\oiRedirect{textbook-eye_color_pref_2010}{Why do blue-eyed men prefer women with the same eye color?}},
	Volume = {61},
	Year = {2007}}

@misc{ciaFactBookHIV:2012,
	Note = {Source: CIA Factbook, \oiRedirect{textbook-cia_hiv_2012}{Country Comparison: HIV/AIDS - Adult Prevalence Rate}.}}

@misc{data:scott,
	Note = {New York Times, \oiRedirect{textbook-nytimes_wi_exit_polls_2012}{Wisconsin recall exit polls}}}

@misc{webpage:alcohol,
	Note = {SAMHSA, Office of Applied Studies, \oiRedirect{textbook-SAMHSA_2007_8}{National Survey on Drug Use and Health, 2007 and 2008}.}}

@misc{webpage:chickenpox,
	Note = {National Vaccine Information Center, \oiRedirect{textbook-nat_vaccine_ctr_chickenpox}{Chickenpox, The Disease \& The Vaccine Fact Sheet}.}}

@book{cats,
	Address = {New York},
	Author = {W. N. Venables and B. D. Ripley},
	Edition = {Fourth Edition},
	Note = {\oiRedirect{textbook-modern_applied_stat_with_s}{www.stats.ox.ac.uk/pub/MASS4}},
	Publisher = {Springer},
	Title = {Modern Applied Statistics with S},
	Year = {2002}}

@misc{acsIncome2005-2009,
	Note = {U.S. Census Bureau, \oiRedirect{textbook-acd2005_9}{2005-2009 American Community Survey}}}

@conference{Johnson+Murray:2010,
	Author = {Johnson, S. and Murray, D.},
	Booktitle = {Transportation Research Board 89th Annual Meeting},
	Title = {\oiRedirect{textbook-rural_auto_speeds_2010}{Empirical Analysis of Truck and Automobile Speeds on Rural Interstates: Impact of Posted Speed Limits}},
	Year = {2010}}

@misc{marWomenACS,
	Note = {U.S. Census Bureau, 2010 American Community Survey, \oiRedirect{textbook-acs_marriage_2010}{Marital Status}.}}

@misc{surveysPew,
	Note = {The Pew Research Center for the People and the Press, \oiRedirect{textbook-pew_Representativeness_Surveys_2012}{Assessing the Representativeness of Public Opinion Surveys}, May 15, 2012.}}

@misc{dreidelPic,
	Note = {\oiRedirect{textbook-flickr_dreidelPic}{Photo by Staccabees on Flickr}.}}

@misc{webpage:spiders,
	Note = {Gallup Poll, \oiRedirect{textbook-frightens_youth_2005}{What Frightens America's Youth?}, March 29, 2005.}}

@misc{data:nsfg:2010,
	Note = {Centers for Disease Control and Prevention, \oiRedirect{textbook-ntnl_survey_family_growth_2010}{National Survey of Family Growth, 2010.}}}

@misc{data:povertycps:2013,
	Note = {United States Census Bureau. {\oiRedirect{textbook-CPS_2013_poverty}{2013 Current Population Survey}}.Historical Poverty Tables - People. Web.}}

@misc{data:hispaniccps:2012,
	Note = {United States Census Bureau.{\oiRedirect{textbook-CPS_2012_hispanic}{2012 Current Population Survey}}.The Hispanic Population in the United States: 2012. Web.}}

@misc{data:pewsocialnetwork:2014,
	Note = {Pew Research Center, Washington, D.C. {\oiRedirect{textbook-pew_socialnetwork}{Social Networking Fact Sheet}}, accessed on May 9, 2015.}}

@article{Heinz:2003,
	Author = {Heinz, G. and Peterson, L.J. and Johnson, R.W. and Kerk, C.J.},
	Journal = {Journal of Statistics Education},
	Number = {2},
	Title = {\oiRedirect{textbook-body_dim_2003}{Exploring relationships in body dimensions}},
	Volume = {11},
	Year = {2003}}

@misc{data:pewdiagnosis:2013,
	Note = {Pew Research Center, Washington, D.C. {\oiRedirect{textbook-The_Diagnosis_Difference}{The Diagnosis Difference}}, November 26, 2013.}}

@misc{data:pewtwitternews:2013,
	Note = {Pew Research Center, Washington, D.C. {\oiRedirect{textbook-twitter_news_consumers_2013}{Twitter News Consumers: Young, Mobile and Educated}}, November 4, 2013.}}

@misc{data:gss:2010,
	Note = {National Opinion Research Center, \oiRedirect{textbook-gss_2010}{General Social Survey, 2010}.}}

@misc{data:pewwomenleaders:2014,
	Note = {Pew Research Center, Washington, D.C. {\oiRedirect{textbook-pew-womenleaders}{Women and Leadership: Public Says Women are Equally Qualified, but Barriers Persist}}, January 14, 2015.}}

@misc{data:yawn,
	Note = {MythBusters, \oiRedirect{textbook-mythbusters_s3e28}{Season 3, Episode 28.}}}

@misc{data:egypt,
	Note = {Gallup Politics, \oiRedirect{textbook-americans_views_of_egypt_2011}{Americans' Views of Egypt Sharply More Negative}, data collected February 2-5, 2011.}}

@misc{web:art,
	Author = {CDC},
	Title = {\oiRedirect{textbook-2008_Assisted_Reproductive_Technology_Report}{2008 Assisted Reproductive Technology Report}}}

@misc{webpage:spam,
	Note = {Rockbridge, \oiRedirect{textbook-spam_report_2009}{2009 National Technology Readiness Survey SPAM Report}.}}

@article{news:youngAmericans1,
	Author = {Vaughn, A.},
	Journal = {Los Angeles Times},
	Month = {November 3},
	Title = {\oiRedirect{textbook-young_americans_2011}{Poll finds young adults optimistic, but not about money}},
	Year = {2011}}

@article{news:youngAmericans2,
	Author = {Demos.org},
	Month = {November 2},
	Title = {\oiRedirect{textbook-young_americans_2011_extra}{The State of Young America: The Poll}},
	Year = {2011}}

@misc{data:healthcare2010,
	Note = {Gallup, \oiRedirect{textbook-healthcare_split_2012}{Americans Issue Split Decision on Healthcare Ruling}, data collected June 28, 2012.}}

@misc{data:july4,
	Note = {Survey USA, \oiRedirect{textbook-SurveyUSA_19333}{News Poll \#19333}, data collected on June 27, 2012.}}

@misc{data:elderlyDriving,
	Note = {Marist Poll, \oiRedirect{textbook-drivers_at_65_2011}{Road Rules: Re-Testing Drivers at Age 65?}, March 4, 2011}}

@misc{data:suffering,
	Note = {Gallup World, \oiRedirect{textbook-1_in_10_suffering_2011}{More Than One in 10 ``Suffering" Worldwide}, data collected throughout 2011.}}

@misc{data:studyAbroad,
	Note = {studentPOLL, \oiRedirect{textbook-Interests_in_Study_Abroad_2008}{College-Bound Students' Interests in Study Abroad and Other International Learning Activities}, January 2008}}

@article{news:publicOption,
	Author = {Balz, D. and Cohen, J.},
	Journal = {The Washington Post},
	Month = {October 20},
	Title = {\oiRedirect{textbook-healthcare_public_option_2009}{Most support public option for health insurance, poll finds}},
	Year = {2009}}

@misc{data:civilWar,
	Note = {Pew Research Center Publications, \oiRedirect{textbook-civil_war_at_150}{Civil War at 150: Still Relevant, Still Divisive}, data collected between March 30 - April 3, 2011.}}

@misc{data:mobileBrowse,
	Note = {Pew Internet, \oiRedirect{textbook-cell_internet_use_2012}{Cell Internet Use 2012}, data collected between March 15 - April 13, 2012.}}

@article{news:mobileBrowseChinese,
	Author = {Chang, S.},
	Journal = {M.I.C Gadget},
	Month = {March 23},
	Title = {The Chinese Love to Use Feature Phone to Access the Internet},
	Year = {2012}}

@misc{data:collegeWorthIt,
	Note = {Pew Research Center Publications, \oiRedirect{textbook-college_worth_it_2011}{Is College Worth It?}, data collected between March 15-29, 2011.}}

@article{Ellis:2001,
	Author = {L Ellis and C Ficek},
	Journal = {Personality and Individual Differences},
	Number = {8},
	Pages = {1375-1379},
	Publisher = {Elsevier},
	Title = {{\oiRedirect{textbook-color_pref_2001}{Color preferences according to gender and sexual orientation}}},
	Volume = {31},
	Year = {2001}}

@misc{data:dailyShow,
	Note = {The Pew Research Center, \oiRedirect{textbook-americans_news_2010}{Americans Spending More Time Following the News}, data collected June 8-28, 2010.}}

@misc{data:sleepCAandOR,
	Note = {CDC, \oiRedirect{textbook-Perceived_Insufficient_Rest_or_Sleep_Among_Adults}{Perceived Insufficient Rest or Sleep Among Adults --- United States, 2008}}}

@misc{data:prop19_and_offshoreDrill,
	Note = {Survey USA, \oiRedirect{textbook-SurveyUSA_16804}{Election Poll \#16804}, data collected July 8-11, 2010.}}

@article{news:fullBodyScan,
	Author = {Condon, S.},
	Journal = {CBS News},
	Month = {November 15},
	Title = {\oiRedirect{textbook-airport_scanners_2010}{Poll: 4 in 5 Support Full-Body Airport Scanners}},
	Year = {2010}}

@misc{data:sleepTransport,
	Note = {National Sleep Foundation, \oiRedirect{textbook-trans_workers_sleep_2012}{2012 Sleep in America Poll: Transportation Workers' Sleep}, 2012}}

@article{Schmidt:2011,
	Author = {Schmidt, R.J. and Hansen, R.L. and Hartiala, J. and Allayee, H. and Schmidt, L.C. and Tancredi, D.J. and Tassone, F. and Hertz-Picciotto, I.},
	Journal = {Epidemiology},
	Number = {4},
	Pages = {476},
	Title = {\oiRedirect{textbook-prenatal_vitamins_autism_2011}{Prenatal vitamins, one-carbon metabolism gene variants, and risk for autism}},
	Volume = {22},
	Year = {2011}}

@article{news:prenatalVitAutism,
	Author = {Rabin, R.C.},
	Journal = {New York Times},
	Month = {June 13},
	Title = {\oiRedirect{textbook-nytimes_prenatal_vitamins_autism_2011}{Patterns: Prenatal Vitamins May Ward Off Autism}},
	Year = {2011}}

@article{Lockman:2007,
	Author = {Lockman, S. and Shapiro, R.L. and Smeaton, L.M. and Wester, C. and Thior, I. and Stevens, L. and Chand, F. and Makhema, J. and Moffat, C. and Asmelash, A. and others},
	Journal = {Obstetrical \& gynecological survey},
	Number = {6},
	Pages = {361},
	Title = {\oiRedirect{textbook-antiretroviral_therapy_2007}{Response to antiretroviral therapy after a single, peripartum dose of nevirapine}},
	Volume = {62},
	Year = {2007}}

@misc{data:employmentDiabetes,
	Note = {Gallup Wellbeing, \oiRedirect{textbook-employed_americans_in_better_health_2012}{Employed Americans in Better Health Than the Unemployed}, data collected Jan. 2, 2011 - May 21, 2012.}}

@misc{CreationismGallup,
	Note = {Four in 10 Americans Believe in Strict Creationism, December 17, 2010, \oiRedirect{textbook-strict_creationism_2010}{www.gallup.com/poll/145286/Four-Americans-Believe-Strict-Creationism.aspx}}}

@article{Teng:2004,
	Author = {Teng, Liwei and Liu, Zhensheng and SONG, Yan-Ling and Zeng, Zhigao},
	Journal = {Ecological Research},
	Number = {6},
	Pages = {675--681},
	Publisher = {Wiley Online Library},
	Title = {Forage and bed sites characteristics of Indian muntjac (Muntiacus muntjak) in Hainan Island, China},
	Volume = {19},
	Year = {2004}}

@article{Lucas:2011,
	Author = {Lucas, M. and Mirzaei, F. and Pan, A. and Okereke, O.I. and Willett, W.C. and O'Reilly, E.J. and Koenen, K. and Ascherio, A.},
	Journal = {Archives of internal medicine},
	Number = {17},
	Pages = {1571},
	Publisher = {Am Med Assoc},
	Title = {\oiRedirect{textbook-coffee_caffeine_depression_2011}{Coffee, caffeine, and risk of depression among women}},
	Volume = {171},
	Year = {2011}}

@article{news:coffeeDepression,
	Author = {O'Connor, A.},
	Journal = {New York Times},
	Month = {September 26},
	Title = {\oiRedirect{textbook-coffee_depression_2011}{Coffee Drinking Linked to Less Depression in Women}},
	Year = {2011}}

@misc{data:anes:2012,
	Note = {The American National Election Studies ({\oiRedirect{textbook-anes-2012}{ANES}}). The ANES 2012 Time Series Study [dataset]. Stanford University and the University of Michigan [producers].}}

@misc{photo:barkingDeer,
	Note = {Photo by Shrikant Rao from Flickr (\oiRedirect{textbook-flickr_shrikant_rao_barking_deer}{http://flic.kr/p/4Xjdkk}), available under a \oiRedirect{textbook-CC_BY_2}{CC BY 2.0 license}.}}

@misc{data:prius,
	Note = {Fuelecomy.gov, \oiRedirect{textbook-toyota_prius_2012_mpg}{Shared MPG Estimates: Toyota Prius 2012}.}}

@book{Graybill:1994,
	Author = {Graybill, F.A. and Iyer, H.K.},
	Pages = {511--516},
	Publisher = {Duxbury Press},
	Title = {Regression Analysis: Concepts and Applications},
	Year = {1994}}

@misc{data:oscars,
	Note = {Oscar winners from 1929 -- 2012, data up to 2009 from the \oiRedirect{textbook-oscar_winners_up_to_2012}{Journal of Statistics Education data archive} and more current data from \oiRedirect{textbook-wikipedia_org}{wikipedia.org}.}}

@article{Scanlon:1993,
	Author = {Scanlon, T.J. and Luben, R.N. and Scanlon and F.L., Singleton, N.},
	Journal = {BMJ},
	Pages = {1584-1586},
	Title = {\oiRedirect{textbook-Friday13_1993}{Is Friday the 13th Bad For Your Health?}},
	Volume = {307},
	Year = {1993}}

@book{ggplot2,
	Author = {Wickham, H.},
	Publisher = {Springer New York},
	Title = {\oiRedirect{textbook-ggplot2_book}{ggplot2: elegant graphics for data analysis}},
	Year = {2009}}

@misc{data:chickwts,
	Note = {\oiRedirect{textbook-feed_and_chicken_weights}{Chicken Weights by Feed Type}, from the \texttt{datasets} package in R.}}

@misc{data:epaMPG,
	Note = {U.S. Department of Energy, \oiRedirect{textbook-fuel_economy_data_2012}{Fuel Economy Data, 2012 Datafile}.}}

@article{Oldham:2011,
	Author = {Oldham-Cooper, R.E. and Hardman, C.A. and Nicoll, C.E. and Rogers, P.J. and Brunstrom, J.M.},
	Journal = {The American Journal of Clinical Nutrition},
	Number = {2},
	Pages = {308},
	Publisher = {Am Soc Nutrition},
	Title = {\oiRedirect{textbook-playing_computer_games_2011}{Playing a computer game during lunch affects fullness, memory for lunch, and later snack intake}},
	Volume = {93},
	Year = {2011}}

@misc{data:prison,
	Note = {\oiRedirect{textbook-prison_isolation_exp}{Prison isolation experiment}.}}

@misc{data:china,
	Note = {UNC Carolina Population Center, \oiRedirect{textbook-china_health_nut_survey_2006}{China Health and Nutrition Survey, 2006}.}}

@article{Mortada:2000,
	Author = {Mortada, WI and Sobh, MA and El-Defrawy, MM and Farahat, SE},
	Journal = {American journal of nephrology},
	Number = {4},
	Pages = {274--279},
	Title = {Study of lead exposure from automobile exhaust as a risk for nephrotoxicity among traffic policemen.},
	Volume = {21},
	Year = {2000}}

@book{Hand:1994,
	Author = {Hand, D.J.},
	Publisher = {Chapman \& Hall/CRC},
	Title = {{A handbook of small data sets}},
	Year = {1994}}

@misc{data:trees,
	Note = {Source: R Dataset, \oiRedirect{textbook-R_datasets_trees}{stat.ethz.ch/R-manual/R-patched/library/datasets/html/trees.html}}}

@article{Benson:1993,
	Author = {Benson, J.B.},
	Issn = {0163-6383},
	Journal = {Infant behavior and development},
	Number = {1},
	Pages = {69-81},
	Publisher = {Elsevier},
	Title = {\oiRedirect{textbook-birth_season_locomotion_1993}{Season of birth and onset of locomotion: Theoretical and methodological implications}},
	Volume = {16},
	Year = {1993}}

@misc{data:turkeyTourism,
	Note = {Association of Turkish Travel Agencies, \oiRedirect{textbook-turkey_tourist_spending}{Foreign Visitors Figure \& Tourist Spendings By Years}}}

@misc{data:starbucksCals,
	Note = {Source: Starbucks.com, collected on March 10, 2011, \\ \oiRedirect{textbook-starbucks_com_menu_nutrition}{www.starbucks.com/menu/nutrition}}}

@misc{data:urbanOwner,
	Note = {United States Census Bureau, \oiRedirect{textbook-census_urban_rural_2010}{2010 Census Urban and Rural Classification and Urban Area Criteria} and \oiRedirect{textbook-housing_char_2010}{Housing Characteristics: 2010}.}}

@book{Malkevitc+Lesser:2008,
	Author = {Malkevitch, J. and Lesser, L.M.},
	Publisher = {WH Freeman \& Co},
	Title = {{For All Practical Purposes: Mathematical Literacy in Today's World}},
	Year = {2008}}

@article{Hamermesh:2005,
	Author = {Hamermesh, Daniel S and Parker, Amy},
	Journal = {Economics of Education Review},
	Number = {4},
	Pages = {369--376},
	Publisher = {Elsevier},
	Title = {Beauty in the classroom: Instructors' pulchritude and putative pedagogical productivity},
	Volume = {24},
	Year = {2005}}

@book{data:quine,
	Address = {New York},
	Author = {W. N. Venables and B. D. Ripley},
	Edition = {Fourth Edition},
	Note = {\href{http://www.stats.ox.ac.uk/pub/MASS4}{Data can also be found in the R MASS package}},
	Publisher = {Springer},
	Title = {Modern Applied Statistics with S},
	Year = {2002}}

@article{data:babies,
	Author = {Yerushalmy J},
	Date-Modified = {2018-07-04 04:00:56 +0000},
	Journal = {International Journal of Epidemiology},
	Number = {5},
	Pages = {1355-1366},
	Title = {The relationship of parents' cigarette smoking to outcome of pregnancy - implications as to the problem of inferring causation from observed associations},
	Volume = {43},
	Year = {2014}}

@misc{data:facebookPrivacy,
	Note = {Survey USA, \oiRedirect{textbook-SurveyUSA_17960}{News Poll \#17960}, data collected February 16-17, 2011.}}
